<?xml version="1.0" encoding="UTF-8"?><record xmlns="http://www.loc.gov/MARC21/slim" xmlns:cinclude="http://apache.org/cocoon/include/1.0" xmlns:zs="http://www.loc.gov/zing/srw/">
  <leader>00610nz  a2200145n  4500</leader>
  <controlfield tag="001">no 97070848 </controlfield>
  <controlfield tag="003">DLC</controlfield>
  <controlfield tag="005">19971210052538.2</controlfield>
  <controlfield tag="008">971209n| acannaab|          |a aaa     c</controlfield>
  <datafield tag="010" ind1=" " ind2=" ">
    <subfield code="a">no 97070848 </subfield>
  </datafield>
  <datafield tag="035" ind1=" " ind2=" ">
    <subfield code="a">(OCoLC)oca04549107 </subfield>
  </datafield>
  <datafield tag="040" ind1=" " ind2=" ">
    <subfield code="a">WU</subfield>
    <subfield code="c">WU</subfield>
  </datafield>
  <datafield tag="100" ind1="1" ind2="0">
    <subfield code="a">Ruzhinskai︠a︡, Tatʹi︠a︡na</subfield>
  </datafield>
  <datafield tag="400" ind1="1" ind2="0">
    <subfield code="a">Ruzhinskai︠a︡, T. I.</subfield>
    <subfield code="q">(Tatʹi︠a︡na I.)</subfield>
  </datafield>
  <datafield tag="670" ind1=" " ind2=" ">
    <subfield code="a">Borishpolet︠s︡, K. Politicheskoe budushchee Rossii v svete tendent︠s︡iĭ ėtnonat︠s︡ionalʹnogo razvitii︠a︡, 1996:</subfield>
    <subfield code="b">t.p. (Tatʹi︠a︡na Ruzhinskai︠a︡) verso t.p. (T. Ruzhinskai︠a︡) colophon (Ruzhinskai︠a︡ T.I.)</subfield>
  </datafield>
</record>